<record><leader>00000cas a22000007a 4500</leader><controlfield tag="001">8808667</controlfield><controlfield tag="008">820927d189u1988gaudr ne      0    0eng  </controlfield><datafield ind1=" " ind2=" " tag="010"><subfield code="a">sn 82015428 </subfield></datafield><datafield ind1=" " ind2=" " tag="040"><subfield code="a">DLC</subfield><subfield code="b">eng</subfield><subfield code="c">DLC</subfield><subfield code="d">NSD</subfield><subfield code="d">NLG</subfield><subfield code="d">DLC</subfield><subfield code="d">NLG</subfield><subfield code="d">GUA</subfield><subfield code="d">DLC</subfield><subfield code="d">OCLCQ</subfield><subfield code="d">OCLCF</subfield></datafield><datafield ind1="1" ind2=" " tag="029"><subfield code="a">AU@</subfield><subfield code="b">000025830863</subfield></datafield><datafield ind1=" " ind2=" " tag="042"><subfield code="a">msc</subfield></datafield><datafield ind1=" " ind2=" " tag="043"><subfield code="a">n-us-ga</subfield></datafield><datafield ind1="0" ind2="0" tag="050"><subfield code="a">Newspaper</subfield></datafield><datafield ind1="0" ind2=" " tag="130"><subfield code="a">Columbus ledger (Columbus, Ga.)</subfield></datafield><datafield ind1="1" ind2="4" tag="245"><subfield code="a">The Columbus ledger.</subfield></datafield><datafield ind1="1" ind2=" " tag="246"><subfield code="i">On Saturday published as:</subfield><subfield code="a">Saturday enquirer and ledger</subfield></datafield><datafield ind1="1" ind2=" " tag="246"><subfield code="i">On Sunday published as:</subfield><subfield code="a">Sunday ledger enquirer</subfield></datafield><datafield ind1=" " ind2=" " tag="260"><subfield code="a">Columbus, Ga. :</subfield><subfield code="b">[s.n.,</subfield><subfield code="c">-1988]</subfield></datafield><datafield ind1=" " ind2=" " tag="300"><subfield code="a">v.</subfield></datafield><datafield ind1=" " ind2=" " tag="310"><subfield code="a">Daily</subfield></datafield><datafield ind1="0" ind2=" " tag="362"><subfield code="a">-101st year, no. 294 (Jan. 15, 1988).</subfield></datafield><datafield ind1=" " ind2=" " tag="515"><subfield code="a">Sunday issues have their own numbering, &lt;Jan. 3, 1965&gt;-Jan. 17, 1988.</subfield></datafield><datafield ind1=" " ind2=" " tag="530"><subfield code="a">Also on microfilm: Athens, Ga. : University of Georgia Libraries.</subfield></datafield><datafield ind1=" " ind2=" " tag="588"><subfield code="a">Description based on: Vol. 16, no. 2 (Jan. 3, 1903).</subfield></datafield><datafield ind1=" " ind2="0" tag="651"><subfield code="a">Columbus (Ga.)</subfield><subfield code="v">Newspapers.</subfield></datafield><datafield ind1=" " ind2="0" tag="651"><subfield code="a">Muscogee County (Ga.)</subfield><subfield code="v">Newspapers.</subfield></datafield><datafield ind1=" " ind2="7" tag="655"><subfield code="a">Newspapers.</subfield><subfield code="2">fast</subfield><subfield code="0">(OCoLC)fst01423814</subfield></datafield><datafield ind1=" " ind2="7" tag="651"><subfield code="a">Georgia</subfield><subfield code="z">Columbus.</subfield><subfield code="2">fast</subfield><subfield code="0">(OCoLC)fst01214575</subfield></datafield><datafield ind1=" " ind2="7" tag="651"><subfield code="a">Georgia</subfield><subfield code="z">Muscogee County.</subfield><subfield code="2">fast</subfield><subfield code="0">(OCoLC)fst01216552</subfield></datafield><datafield ind1=" " ind2=" " tag="752"><subfield code="a">United States</subfield><subfield code="b">Georgia</subfield><subfield code="c">Muscogee</subfield><subfield code="d">Columbus.</subfield></datafield><datafield ind1="0" ind2=" " tag="775"><subfield code="t">Columbus weekly ledger</subfield><subfield code="w">(DLC)sn 90052400</subfield><subfield code="w">(OCoLC)21719011</subfield></datafield><datafield ind1="0" ind2="0" tag="780"><subfield code="t">Columbus evening ledger</subfield><subfield code="w">(DLC)sn 91099121</subfield><subfield code="w">(OCoLC)23351516</subfield></datafield><datafield ind1="0" ind2="7" tag="785"><subfield code="t">Columbus enquirer (Columbus, Ga. : 1932)</subfield><subfield code="x">8750-8389</subfield><subfield code="w">(DLC)sn 85009788</subfield><subfield code="w">(OCoLC)11853318</subfield></datafield><datafield ind1="0" ind2="7" tag="785"><subfield code="t">Columbus ledger-enquirer</subfield><subfield code="x">0898-3860</subfield><subfield code="w">(DLC)sn 88001073</subfield><subfield code="w">(OCoLC)17797136</subfield></datafield></record>